@book{duffuaa2000,
  author    = {Duffuaa, S. O. and Raouf, A. and Campbell, J. D.},
  title     = {Sistemas de mantenimiento: planeaci√≥n y control},
  year      = {2000},
  publisher = {LIMUSA}
}
